<record xmlns="http://www.loc.gov/MARC21/slim" xmlns:xsi="http://www.w3.org/2001/XMLSchema-instance" xsi:schemaLocation="http://www.loc.gov/MARC21/slim http://www.loc.gov/standards/marcxml/schema/MARC21slim.xsd">

  <leader>00594nam a22001697a 4500</leader>
  <controlfield tag="008">160504b2003    cr ||||| |||| 00| | spa d</controlfield>
  <datafield tag="090" ind2=" " ind1=" ">
    <subfield code="a">R 18.01.00 </subfield>
    <subfield code="b">232 </subfield>
  </datafield>
  <datafield ind1="2" ind2=" " tag="110">
    <subfield code="9">1703</subfield>
    <subfield code="a">Instituto de Investigación para el Mejoramiento de la Educación Costarricense</subfield>
  </datafield>
  <datafield ind2="0" ind1="1" tag="245">
    <subfield code="a">Información General</subfield>
  </datafield>
  <datafield ind1=" " ind2=" " tag="260">
    <subfield code="a">San José, Costa Rica : </subfield>
    <subfield code="b">IIMEC,</subfield>
    <subfield code="c">[2003?] </subfield>
  </datafield>
  <datafield ind1=" " ind2=" " tag="300">
    <subfield code="a">26 páginas</subfield>
  </datafield>
  <datafield ind1=" " ind2=" " tag="500">
    <subfield code="a">La Unidad posee una actualización con fecha probable 2004? </subfield>
  </datafield>
  <datafield tag="610" ind1="2" ind2="4">
    <subfield code="9">153</subfield>
    <subfield code="a">INSTITUTO DE INVESTIGACIÓN EN EDUCACIÓN</subfield>
  </datafield>
  <datafield tag="650" ind2="4" ind1="1">
    <subfield code="9">163</subfield>
    <subfield code="a">INVESTIGACIÓN</subfield>
  </datafield>
  <datafield tag="650" ind1="1" ind2="4">
    <subfield code="9">1</subfield>
    <subfield code="a">EDUCACIÓN</subfield>
  </datafield>
  <datafield ind1=" " ind2=" " tag="942">
    <subfield code="2">z</subfield>
    <subfield code="c">01</subfield>
  </datafield>
  <datafield tag="999" ind1=" " ind2=" ">
    <subfield code="c">3204</subfield>
    <subfield code="d">3204</subfield>
  </datafield>
</record>